@book{key1,
  author = {陆亚明},
  publisher = {北京：高等教育出版社},
  title = {数学分析入门},
  note = {[M]},
  year = {2023}
}

@book{key2,
  author = {Walter.Rudin},
  publisher = {北京：机械工业出版社},
  title = {数学分析原理},
  note = {[M]},
  year = {2019}
}